@book{meier2019python,
    title={Python GUI Programming Cookbook: Develop functional and responsive user interfaces with tkinter and PyQt5},
    author={Meier, Burkhard},
    year={2019},
    publisher={Packt Publishing Ltd}
}
